% Encoding: windows-1252

@Book{Dennis2014,
  title     = {An{\'a}lise e Projeto de Sistemas},
  publisher = {LTC},
  year      = {2014},
  author    = {Alan Dennis and Barbara Haley Wixom and Roberta M. Roth},
  address   = {Rio de Janeiro},
  edition   = {5},
  owner     = {Prof. Ausberto S. Castro V.},
  timestamp = {23.08.2015},
}

@Book{Engholm2013,
  title     = {An{\'a}lise e Design Orientados a Objetos},
  publisher = {Novatec},
  year      = {2013},
  author    = {{Helio Engholm~Jr.}},
  owner     = {Prof. Ausberto S. Castro V.},
  timestamp = {23.08.2015},
}

@Book{Gane1983,
  Title                    = {An{\'a}lise Estruturada de Sistemas},
  Author                   = {Chris Gane and Trish Sarson},
  Publisher                = {Livros T{\'e}cnicos e Cient{\'\i}ficos Editora Ltda.},
  Year                     = {1983},

  Address                  = {Rio de Janeiro},

  Owner                    = {Prof. Ausberto S. Castro V.},
  Timestamp                = {23.08.2015}
}

@Book{Satzinger2012,
  title     = {Introduction to Systems Analysis and Design: An Agile, Iterative Approach},
  publisher = {Course Technology, CENGAGE Learning},
  year      = {2012},
  author    = {John W. Satzinger and Robert B. Jackson and Stephen D. Burd},
  address   = {{Mason, Ohio}},
  edition   = {6},
  isbn      = {978-1-111-97226-5},
  owner     = {Prof. Ausberto S. Castro V.},
  timestamp = {23.08.2015},
}

@Book{Shelly2012,
  Title                    = {Analysis and Design for Systems},
  Author                   = {Gary B. Shelly and Harry J. Rosenblat},
  Publisher                = {Course Technology, CENGAGE Learning},
  Year                     = {2012},
  Edition                  = {9},

  Owner                    = {Prof. Ausberto S. Castro V.},
  Timestamp                = {23.08.2015}
}

@Book{Sommerville2018,
  title     = {Engenharia de Software},
  publisher = {Pearson Education do Brasil},
  year      = {2018},
  author    = {Ian Sommerville},
  address   = {S{\~a}o Paulo},
  edition   = {10},
  isbn      = {978-85-430-2497-4},
  owner     = {Prof. Ausberto S. Castro V.},
  timestamp = {23.08.2015},
}

@Book{Wazlawick2011,
  title     = {An{\'a}lise e Projeto de Sistemas de Informa{\c{c}}{\~a}o Orientados a Objetos},
  publisher = {Elsevier},
  year      = {2011},
  author    = {Raul Sidnei Wazlawick},
  series    = {Editora Campus SBC},
  address   = {Rio de Janeiro, RJ},
  edition   = {2},
  isbn      = {978-85-352-3916-4},
  owner     = {Prof. Ausberto S. Castro V.},
  timestamp = {06.03.2017},
}

@Book{Guedes2011,
  title     = {UML 2 : uma abordagem pr{\'a}tica},
  publisher = {Novatec Editora},
  year      = {2011},
  author    = {Gilleanes T.A. Guedes},
  owner     = {Prof. Ausberto S. Castro V.},
  timestamp = {06.03.2017},
}

@Book{Furgeri2013,
  title     = {Modelagem de Sistemas Orientados a Objetos},
  publisher = {{\'E}rica Editora},
  year      = {2013},
  author    = {S{\'e}rgio Furgeri},
  address   = {S\~a Paulo, SP},
  edition   = {1},
  isbn      = {978-85-365-0461-2},
  owner     = {Prof. Ausberto S. Castro V.},
  timestamp = {06.03.2017},
}

@Comment{jabref-meta: databaseType:bibtex;}
